@INPROCEEDINGS{crick+sentance:2011,
  author =      {Tom Crick and Sue Sentance},
  title =       {{Computing At School: Stimulating Computing Education in the UK}},
  booktitle =   {{Proc.~11th Koli Calling Int. Conf. on Comput. Educ. Res.}},
  year =        {2011}
}

@INPROCEEDINGS{brown-et-al-sigcse2013,
  author =       {Neil C. C. Brown and Michael K\"{o}lling and Tom Crick and Simon {Peyton Jones} and Simon Humphreys and Sue Sentance},
  title =        {{Bringing Computer Science Back Into Schools: Lessons from the UK}},
  booktitle =    {{Proc.~44th ACM Tech. Symp. on Comput. Sci. Educ. (SIGCSE'13)}},
  year =         {2013},
  OPTpublisher = {ACM Press},
  pages =        {269-274}
}

@ARTICLE{brown-et-al-toce2014,
  author =      {Neil C. C. Brown and Sue Sentance and Tom Crick and Simon Humphreys},
  title =       {{Restart: The Resurgence of Computer Science in UK Schools}},
  journal =     {{ACM Trans. on Comput. Educ.}},
  year =        {2014},
  volume =      {14},
  number =      {2},
  pages =       {1-22}
}

@TechReport{onspop:2016,
  author = 	 {{Office for National Statistics}},
  title = 	 {{UK Population Estimates}},
  institution =  {{ONS}},
  year = 	 {2016}
}

@INPROCEEDINGS{davenport-et-al:latice2016,
  author =       {James H. Davenport and Alan Hayes and Rachid Hourizi and Tom Crick},
  title =        {{Innovative Pedagogical Practices in the Craft of Computing}},
  booktitle =    {{Proc.~4th Int. Conf. on Learning \& Teaching in Comput. and Eng. (LaTiCE 2016)}},
  year = 	 {2016} 
}

@InCollection{crick-et-al-hea:2015,
  author = 	 {Tom Crick and James H. Davenport and Alan Hayes},
  title = 	 {{Innovative Pedagogical Practices in the Craft of Computing}},
  publisher =    {{Higher Education Academy}},
  year = 	 {2015},
  series = 	 {{Innovative Pedagogies in the Disciplines}},
  note =         {\url{https://www.heacademy.ac.uk/innovative-pedagogical-practices-craft-computing}}
}

@Book{Downey2012a,
  title =        {{Think Python: How to Think Like a Computer Scientist}},
  author =       {Allen B. Downey},
  publisher =    {{Green Tea Press}},
  year =         {2012},
  edition = 	 {2nd},
}

@Misc{guo:2014,
  author = 	 {Philip Guo},
  title = 	 {{Python is Now the Most Popular Introductory Teaching Language at Top U.S. Universities}},
  howpublished = {\url{http://cacm.acm.org/blogs/blog-cacm/176450-python-is-now-the-most-popular-introductory-teaching-language-at-top-us-universities}},
  month = 	 {July},
  year = 	 {2014}
}

@Article{gupta:2004,
  author = 	 {Diwaker Gupta},
  title = 	 {{What is a good first programming language?}},
  journal = 	 {Crossroads},
  year = 	 {2004},
  volume = 	 {10},
  number = 	 {4}
}

@Article{pears-et-al:2007,
  author = 	 {Arnold Pears and Stephen Seidman and Lauri Malmi and Linda Mannila and Elizabeth Adams and Jens Bennedsen and Marie Devlin and James Paterson},
  title = 	 {{A Survey of Literature on the Teaching of Introductory Programming}},
  journal = 	 {{ACM SIGCSE Bull.}},
  year = 	 {2007},
  volume = 	 {39},
  number = 	 {4},
  pages = 	 {204-223}
}

@Article{dale:2006,
  author = 	 {Nell B. Dale},
  title = 	 {{Most difficult topics in CS1: results of an online survey of educators}},
  journal = 	 {{ACM SIGCSE Bull.}},
  year = 	 {2006},
  volume = 	 {38},
  number = 	 {2},
  pages = 	 {49-53}
}

@Article{mccracken-et-al:2001,
  author = 	 {Michael McCracken and Vicki Almstrum and Danny Diaz and Mark Guzdial and Dianne Hagan and {Yifat Ben-David} Kolikant and Cary Laxer and Lynda Thomas and Ian Utting and Tadeusz Wilusz},
  title = 	 {{A multi-national, multi-institutional study of assessment of programming skills of first-year CS students}},
  journal = 	 {{ACM SIGCSE Bull.}},
  year = 	 {2001},
  volume = 	 {33},
  number = 	 {4},
  pages = 	 {125-180}
}

@InProceedings{deraadt-et-al:2004,
  author = 	 {{Michael de} Raadt and Richard Watson and Mark Toleman},
  title = 	 {{Trends in introductory programming courses in Australian universities: languages, environments and pedagogy}},
  booktitle =    {{Proc.~6th Australasian Comput. Educ. Conf. (ACE'04)}},
  year = 	 {2004},
  pages = 	 {277-282}
}

@InProceedings{mason-et-al:2012,
  author = 	 {Raina Mason and Graham Cooper and {Michael de} Raadt},
  title = 	 {{Trends in introductory programming courses in Australian universities: languages, environments and pedagogy}},
  booktitle =    {{Proc.~14th Australasian Comput. Educ. Conf. (ACE'12)}},
  year = 	 {2012},
  pages = 	 {33-42}
}

@InProceedings{mason+cooper:2014,
  author = 	 {Raina Mason and Graham Cooper},
  title = 	 {{Introductory programming courses in Australia and New Zealand in 2013 -- trends and reasons}},
  booktitle =    {{Proc.~16th Australasian Comput. Educ. Conf. (ACE'14)}},
  year = 	 {2014},
  pages = 	 {139-147}
}

@inproceedings{mcmaster2016java,
  title=         {{Java vs. Python Coverage of Introductory Programming Concepts: A Textbook Analysis}},
  author=        {McMaster, Kirby and Sambasivam, Samuel and Rague, Brian and Wolthuis, Stuart},
  booktitle=     {{Proc.~EDSIG Conf.}},
  number =       {4001},
  year=          {2016}
}

@Manual{qaacomp:2016,
  title = 	 {{Subject Benchmark Statement: Computing}},
  author = 	 {{QAA}},
  organization = {{UK Quality Assurance Agency}},
  month = 	 {February},
  year = 	 {2016}
}

@Manual{shadbolt:2016,
  title = 	 {{Computer science degree accreditation and graduate employability: Shadbolt review}},
  author = 	 {Nigel Shadbolt},
  organization = {{Department for Business, Innovation \& Skills, UK Government}},
  month = 	 {May},
  year = 	 {2016}
}

@INPROCEEDINGS{calderon-et-al-hci2015,
  author =       {Ana C. Calderon and Tom Crick and Catherine Tryfona},
  title =        {{Developing Computational Thinking through Pattern Recognition in Early Years Education}},
  booktitle =    {{Proc.~29th BCS Conf. on Human Comput. Interaction (British HCI'15)}},
  year =         {2015}
}

@ARTICLE{wing:2008,
  author =       {Jeannette M. Wing},
  title =        {{Computational Thinking and Thinking About Computing}},
  journal =      {{Philos. Trans. of the Royal Society A}},
  year =         {2008},
  volume =       {366},
  pages =        {3717-3725},
  number =       {1881}
}

@InProceedings{ivanovic-et-al:2015,
  author = 	 {Mirjana Ivanovi\'{c} and Zoran Budimac and Milo\u{s} Radovanovi\'{c} and Milo\u{s} Savi\'{c}},
  title = 	 {{Does the choice of the first programming language influence students' grades?}},
  booktitle =    {{Proc.~16th Int. Conf. on Comput. Syst. and Tech. (CompSysTech'15)}},
  year = 	 {2015},
  pages = 	 {305-312}
}

@InProceedings{kaplan:2010,
  author = 	 {Randy M. Kaplan},
  title = 	 {{Choosing a first programming language}},
  booktitle =    {{Proc.~ACM Conf. on Inf. Technol. Educ. (SIGITE'10)}},
  year = 	 {2010},
  pages = 	 {163-164}
}

@TechReport{onspop:2016,
  author = 	 {{Office for National Statistics}},
  title = 	 {{UK Population Estimates}},
  institution =  {{ONS}},
  year = 	 {2016}
}

@INPROCEEDINGS{crick+moller-wipsce2015,
  author =       {Tom Crick and Faron Moller},
  title =        {{Technocamps: Advancing Computer Science Education in Wales}},
  booktitle =    {{Proc.~10th Int. Workshop in Primary and Secondary Comput. Educ. (WiPSCE'15)}},
  pages =        {121-126},
  year =         {2015}
}

@INPROCEEDINGS{crick+moller:issep2016,
  author =       {Tom Crick and Faron Moller},
  title =        {{A National Engagement Model for Developing Computer Science Education in Wales}},
  booktitle =    {{Proc.~9th Int. Conf. on Informatics in Schools (ISSEP'16)}},
  year = 	 {2016}
}

@Misc{rs:2012,
  author = 	 {{Royal Society}},
  title = 	 {{Shutdown or restart? The way forward for computing in UK schools}},
  OPThowpublished = {\url{https://royalsociety.org/~/media/education/computing-in-schools/2012-01-12-computing-in-schools.pdf}},
  month = 	 {January},
  year = 	 {2012}
}

@Misc{dfecomp:2013,
  author = 	 {{Department for Education}},
  title = 	 {{National curriculum in England: computing programmes of study}},
  howpublished = {\url{https://www.gov.uk/government/publications/national-curriculum-in-england-computing-programmes-of-study}},
  month =        {September},
  year = 	 {2013}
}

@InProceedings{fincher:1999,
  author = 	 {Sally Fincher},
  title = 	 {{What are we doing when we teach programming?}},
  booktitle =    {{Proc.~29th Annual Frontiers in Educ. Conf.}},
  year = 	 {1999}
}

@InProceedings{simon-et-al:2006,
  author = 	 {Simon and Sally Fincher and Anthony Robins and Bob Baker and Ilona Box and Quintin Cutts and Michael {de Raadt} and Patricia Haden and John Hamer and Margaret Hamilton and Raymond Lister and Marian Petre and Ken Sutton and Denise Tolhurst and Jodi Tutty},
  title = 	 {{Predictors of success in a first programming course}},
  booktitle =    {{Proc.~8th Australasian Conf. on Comput. Educ. (ACE'06)}},
  year = 	 {2006},
  pages = 	 {189-196}
}

@Misc{tiobe:sep2016,
  author = 	 {{TIOBE}},
  title = 	 {{TIOBE Index for September 2016}},
  howpublished = {\url{http://www.tiobe.com/tiobe-index/}},
  month = 	 {September},
  year = 	 {2016}
}

@Misc{tiobe:nov2016,
  author = 	 {{TIOBE}},
  title = 	 {{TIOBE Index for November 2016}},
  howpublished = {\url{https://web.archive.org/web/20161125191300/http://www.tiobe.com/tiobe-index/}},
  month = 	 {November},
  year = 	 {2016}
}

@Article{gries:1974,
  author = 	 {David Gries},
  title = 	 {{What should we teach in an introductory programming course?}},
  journal = 	 {{ACM SIGCSE Bull.}},
  year = 	 {1974},
  volume = 	 {6},
  number = 	 {1},
  pages = 	 {81-89}
}

@Article{schneider:1978,
  author = 	 {G. Michael Schneider},
  title = 	 {{The introductory programming course in computer science: ten principles}},
  journal = 	 {{ACM SIGCSE Bull.}},
  year = 	 {1978},
  volume = 	 {10},
  number = 	 {1},
  pages = 	 {107-114}
}

@Article{bergin+reilly:2006,
  author = 	 {Susan Bergin and Ronan Reilly},
  title = 	 {{Predicting introductory programming performance: A multi-institutional multivariate study}},
  journal = 	 {{Comput. Sci. Educ.}},
  year = 	 {2006},
  volume = 	 {16},
  number = 	 {4},
  pages = 	 {303-323}
}

@Article{porter-et-al:2013,
  author = 	 {Leo Porter and Mark Guzdial and Charlie McDowell and Beth Simon},
  title = 	 {{Success in introductory programming: what works?}},
  journal = 	 {{Commun. of the ACM}},
  year = 	 {2013},
  volume = 	 {56},
  number = 	 {8},
  pages = 	 {34-36}
}

@InProceedings{schult+bennedsen:2006,
  author = 	 {Carsten Schulte and Jens Bennedsen},
  title = 	 {{What do teachers teach in introductory programming?}},
  booktitle =    {{Proc.~2nd Int. Workshop on Comput. Educ. Res.}},
  year = 	 {2006},
  pages = 	 {17-28}
}

@Book{dijkstra:1976,
  author = 	 {Edsger Dijkstra},
  title = 	 {{A Discipline of Programming}},
  publisher = 	 {{Prentice Hall}},
  year = 	 {1976},
  edition = 	 {1st}
}

@Book{knuth:2011,
  author = 	 {Donald E. Knuth},
  title = 	 {{The Art of Computer Programming}},
  publisher = 	 {{Addison Wesley}},
  year = 	 {2011},
  edition = 	 {3rd}
}

@Book{gries:1981,
  author = 	 {David Gries},
  title = 	 {{The Science of Programming}},
  publisher = 	 {Springer-Verlag},
  year = 	 {1981},
  series = 	 {{Texts and Mongraphs in Computer Science}}
}

@Book{papert:1993,
  author = 	 {Seymour Papert},
  title = 	 {{Mindstorms: Children, Computers, and Powerful Ideas}},
  publisher = 	 {{Basic Books}},
  year = 	 {1993}
}

@inproceedings{tedre+denning:2016,
 author =        {Matti Tedre and Peter J. Denning},
 title =         {{The Long Quest for Computational Thinking}},
 booktitle =     {{Proc.~16th Koli Calling Conf. on Comput. Educ. Res.}},
 year =          {2016},
 pages =         {120-129}
}

@Article{milne+rowe:2016,
  author = 	 {Iain Milne and Glenn Rowe},
  title = 	 {{Difficulties in Learning and Teaching Programming -- Views of Students and Tutors}},
  journal = 	 {{Educ. and Inf. Technol.}},
  year = 	 {2016},
  volume = 	 {7},
  number = 	 {1},
  pages = 	 {55-66}
}

@InProceedings{mccartney-et-al:2013,
  author = 	 {Robert McCartney and Jonas Boustedt and Anna Eckerdal and Kate Sanders and Carol Zander},
  title = 	 {{Can first-year students program yet?: a study revisited}},
  booktitle =    {{Proc.~9th Annual Int. ACM Conf. on Int. Comput. Educ. Res. (ICER '13)}},
  year = 	 {2013},
  pages = 	 {91-98}
}

@Article{brown+altadmri:2017,
  author = 	 {Neil C. C. Brown and Amjad Altadmri},
  title = 	 {{Novice Java Programming Mistakes: Large-Scale Data vs. Educator Beliefs}},
  journal = 	 {{ACM Trans. on Comput. Educ.}},
  year = 	 {2017},
  note = 	 {(in press)}
}

@INPROCEEDINGS{altadmri+brown:2015,
  author =       {Amjad Altadmri and Neil C. C. Brown},
  title =        {{37 Million Compilations: Investigating Novice Programming Mistakes in Large-Scale Student Data}},
  booktitle =    {{Proc.~46th ACM Tech. Symp. on Comput. Sci. Educ. (SIGCSE'15)}},
  year =         {2015},
  OPTpublisher = {ACM Press},
  pages =        {522-527}
}

@Article{darlington+bowyer:2017,
  author = 	 {Ellie Darlington and Jessica Bowyer},
  title = 	 {{Decision Mathematics as preparation for undergraduate Computer Science}},
  journal = 	 {{Int. Journal of Modern Educ. and Comput. Sci.}},
  year = 	 {2017},
  volume = 	 {9},
  number = 	 {4},
  pages = 	 {1-11}
}

@Misc{stackoverflow:2017,
  author = 	 {{Stack Overflow}},
  title = 	 {{Developer Survey Results 2017}},
  howpublished = {\url{https://stackoverflow.com/insights/survey/2017#education}},
  month = 	 {March},
  year = 	 {2017}
}